@misc{transaction,
	title="Теория транзакций с примерами из Microsoft SQL Server [Электронный ресурс].",
	howpublished="--- Режим доступа: \url{https://alexeykalina.github.io/technologies/transactions.html?ysclid=lonfn0hfzk336258152} (дата обращения: 11.11.2023)."
}

@misc{deadlock,
	title="Deadlock в СУБД [Электронный ресурс].",
	howpublished="--- Режим доступа: \url{https://www.boardinfinity.com/blog/deadlock-in-dbms/} (дата обращения: 11.11.2023)."
}

@misc{deadlock_detection,
	title="Обнаружение взаимоблокировки [Электронный ресурс].",
	howpublished="--- Режим доступа: \url{https://learn.microsoft.com/ru-ru/windows-hardware/drivers/devtest/deadlock-detection} (дата обращения: 11.11.2023)."
}
@misc{deadlock_defin,
	title="Обнаружение дефекта взаимной блокировки с помощью статического анализа [Электронный ресурс].",
	howpublished="--- Режим доступа: \url{https://ispranproceedings.elpub.ru/jour/article/view/1344/1145} (дата обращения: 11.11.2023)."
}

@misc{isolation,
	title="Разработка имитационной модели системы эффективных
	блокировок в централизованных базах данных [Электронный ресурс].",
	howpublished="--- Режим доступа: \url{https://nauchkor.ru/uploads/documents/5f392531cd3d3e0001babe8b.pdf} (дата обращения: 11.11.2023)."
}

@misc{data_block,
	title="PostgresPro [Электронный ресурс]",
	howpublished="--- Режим доступа:     \url{https://postgrespro.ru/docs/postgrespro/10/explicit-locking} (дата обращения: 15.12.2023)" 
}

@misc{intent_block,
	title="Intent locks  [Электронный ресурс]",
	howpublished="--- Режим доступа:     \url{https://infocenter.sybase.com/help/index.jsp?topic=/com.sybase.help.sqlanywhere.12.0.1/dbusage/transact-s-5031849.html} (дата обращения: 10.01.2024)" 
}

@misc{lock,
	title="Блокировки в БД  [Электронный ресурс]",
	howpublished="--- Режим доступа:     \url{https://uthark.github.io/2009/04/22/blog-post_22/} (дата обращения: 10.01.2024)" 
}